@inproceedings{denny2023conversing,
  title={Conversing with Copilot: Exploring prompt engineering for solving CS1 problems using natural language},
  author={Denny, Paul and Kumar, Viraj and Giacaman, Nasser},
  booktitle={Proceedings of the 54th ACM Technical Symposium on Computer Science Education V. 1},
  pages={1136--1142},
  year={2023}
}

@article{lahtinen2005study,
  title={A study of the difficulties of novice programmers},
  author={Lahtinen, Essi and Ala-Mutka, Kirsti and J{\"a}rvinen, Hannu-Matti},
  journal={Acm sigcse bulletin},
  volume={37},
  number={3},
  pages={14--18},
  year={2005},
  publisher={ACM New York, NY, USA}
}

@article{kramer2007abstraction,
  title={Is abstraction the key to computing?},
  author={Kramer, Jeff},
  journal={Communications of the ACM},
  volume={50},
  number={4},
  pages={36--42},
  year={2007},
  publisher={ACM New York, NY, USA}
}

@article{robins2003learning,
  title={Learning and teaching programming: A review and discussion},
  author={Robins, Anthony and Rountree, Janet and Rountree, Nathan},
  journal={Computer science education},
  volume={13},
  number={2},
  pages={137--172},
  year={2003},
  publisher={Taylor \& Francis}
}

@inproceedings{tshukudu2020understanding,
  title={Understanding conceptual transfer for students learning new programming languages},
  author={Tshukudu, Ethel and Cutts, Quintin},
  booktitle={Proceedings of the 2020 ACM conference on international computing education research},
  pages={227--237},
  year={2020}
}

@inproceedings{shrestha2020here,
  title={Here we go again: Why is it difficult for developers to learn another programming language?},
  author={Shrestha, Nischal and Botta, Colton and Barik, Titus and Parnin, Chris},
  booktitle={Proceedings of the ACM/IEEE 42nd International Conference on Software Engineering},
  pages={691--701},
  year={2020}
}


@article{strijbos2004designing,
  title={Designing for interaction: Six steps to designing computer-supported group-based learning},
  author={Strijbos, Jan-Willem and Martens, Rob L and Jochems, Wim MG},
  journal={Computers \& Education},
  volume={42},
  number={4},
  pages={403--424},
  year={2004},
  publisher={Elsevier}
}

@inproceedings{finnie2023my,
  title={My AI Wants to Know if This Will Be on the Exam: Testing OpenAIâ€™s Codex on CS2 Programming Exercises},
  author={Finnie-Ansley, James and Denny, Paul and Luxton-Reilly, Andrew and Santos, Eddie Antonio and Prather, James and Becker, Brett A},
  booktitle={Proceedings of the 25th Australasian Computing Education Conference},
  pages={97--104},
  year={2023}
}

@misc{dillenbourg1999you,
  title={What do you mean by collaborative learning?},
  author={Dillenbourg, Pierre},
  year={1999},
  publisher={Oxford: Elsevier}
}

@article{dillenbourg2010technology,
  title={Technology for classroom orchestration},
  author={Dillenbourg, Pierre and Jermann, Patrick},
  journal={New science of learning: Cognition, computers and collaboration in education},
  pages={525--552},
  year={2010},
  publisher={Springer}
}
